@String{BELL_SYS_TECH = {Bell System Technical Journal}}
@String{IEEE_APCCAS = {Proceedings of the IEEE Asia Pacific Conference on Circuits and Systems}}
@String{IEEE_ICASSP = {Proceedings of the IEEE International Conference on Acoustics, Speech, and Signal Processing}}
@String{IEEE_ISCAS= {Proceedings of the IEEE International Symposium on Circuits and Systems}}
@String{IEEE_PROC = {Proceedings of the IEEE}}
@String{IEEE_SP_MAG = {IEEE Signal Processing Magazine}}
@String{IEEE_TRANS_AC = {IEEE Transactions on Automatic Control}}
@String{IEEE_TRANS_ASSP = {IEEE Transactions on Acoustics, Speech and Signal Processing}}
@String{IEEE_TRANS_AU = {IEEE Transactions on Audio and Electroacoustics}}
@String{IEEE_TRANS_CT = {IEEE Transactions on Circuit Theory}}
@String{IEEE_TRANS_CAS = {IEEE Transactions on Circuits and Systems}}
@String{IEEE_TRANS_CAS1 = {IEEE Transactions on Circuits and Systems-I:Fundamental Theory and Applications}}
@String{IEEE_TRANS_CAS2 = {IEEE Transactions on Circuits and Systems-II:Analog and Digital Signal Processing}}
@String{IEEE_TRANS_CAS_Express = {IEEE Transactions on Circuits and Systems-II:Express Briefs}}
@String{IEEE_TRANS_COMP = {IEEE Transactions on Computers}}
@String{IEEE_TRANS_CONTROL = {IEEE Transactions on Automatic Control}}
@String{IEEE_TRANS_SP = {IEEE Transactions on Signal Processing}}
@String{IEEE_TRANS_MTT = {IEEE Transactions on Microwave Theory and Techniques}}
@String{IRE_TRANS_COM = {IRE Transactions on Communications Systems}}
@String{JASA = {Journal of the Acoustical Society of America}}
@String{JSV = {Journal of Sound and Vibration}}
@String{SigProc = {Signal Processing}}
@String{SIAM_JOPT = {SIAM Journal on Optimization}}
@String{SIAM_SICON = {SIAM Journal on Control and Optimization}}
@String{SIAM_REV = {SIAM Review}}
@String{TRANS_IECE = {The Transactions of the IECE of Japan}}

@Misc{ARPACKNG_website,
  key =          {ARPACK-NG},
  title =        {{A collection of Fortran77 subroutines designed to solve large
                  scale eigenvalue problems}},
  howpublished = {\url{https://github.com/opencollab/arpack-ng}},
}

@Misc{ATLAS_website,
  key =          {ATLAS},
  title =        {{Automatically Tuned Linear Algebra Software}},
  howpublished = {\url{http://math-atlas.sourceforge.net/}}
}

@Book{AbramowitzStegun_HandbookMathematicalFunctions,
  author =       {{M. Abramowitz and I. A. Stegun, editors}},
  title =        {{Handbook of Mathematical Functions With Formulas, Graphs and Mathematical Tables}},
  publisher =    {{National Bureau of Standards}},
  year =         {1972},
  series =       {{Applied Mathematics Series}},
  number =       55
}

@Article{AdamsSullivan_PeakConstrainedLeastSquaresOptimization,
  author =       {{J. W. Adams and J. L. Sullivan}},
  title =        {{Peak Constrained Least-Squares Optimization}},
  journal =      IEEE_TRANS_SP,
  year =         1998,
  volume =       46,
  number =       2,
  pages =        {306--321},
  month =        {February},
}

@Article{Adams_OptimalWindow,
  author =       {{J. W. Adams}},
  title =        {{A New Optimal Window}},
  journal =      IEEE_TRANS_SP,
  year =         1991,
  volume =       39,
  number =       8,
  pages =        {1753--1769},
  month =        {August},
}

@Article{AlizadehGoldfarb_SecondOrderCone,
  author =       {{F. Alizadeh and D. Goldfarb}},
  title =        {Second-Order Cone Programming},
  journal =      {Mathematical Programming},
  year =         2001,
  volume =       95,
  pages =        {3--51}
}

@Article{AnsariLiu_LowNoiseEfficientRecursiveDigitalFilters,
  author =       {{R. Ansari and B. Liu}},
  title =        {{A Class of Low-Noise Computationally Efficient Recursive
                  Digital Filters with Applications to Sampling Rate
                  Alterations}},
  journal =      IEEE_TRANS_ASSP,
  year =         1985,
  volume =       33,
  number =       1,
  pages =        {90--97},
  month =        {February},
}

@Book{AntoniouLu_PracticalOptimization,
  author =       {{A. Antoniou and W.-S. Lu}},
  title =        {{Practical Optimization: Algorithms and Engineering
                  Applications}},
  publisher =    {{Springer Science+Business Media, LLC}},
  year =         2007,
  note =         {{ISBN 0-387-71106-6}}
}

@Misc{Autodiff_website,
  key =          {Autodiff},
  title =        {{Automatic Differentiation}},
  howpublished = {\url{http://www.autodiff.org}}
}

@Article{Bae_FastSPTAllocationAndEfficientFIRImplementation,
  author =       {Choonghoon Bae, Takayuki Moteki, Minsoek Kim, Koichi Ichige
                  and Hiroyuki Arai},
  title =        {{Fast SPT-Term Allocation and Efficient FPGA Implementation of
                  FIR Filters for Software Defined Radio Applications}},
  journal =      {{Proceedings of 2009 APSIPA Annual Summit and Conference}},
  year =         2009,
  month =        {October},
}

@Article{Bajard_NewHardwareAlgorithmComplexFunctions,
  author =       {{Jean-Claude Bajard, Sylvanus Kla and Jean-Michel Muller}},
  title =        {{BKM: A New Hardware Algorithm for Complex Elementary
                  Functions}},
  journal =      IEEE_TRANS_COMP,
  year =         1994,
  volume =       43,
  number =       8,
  pages =        {955--963},
  month =        {August},
}

@Misc{Balakrishnan_SDPDualityLinearTimeInvariantSystems,
  author =       {V. Balakrishnan and L. Vandenberghe},
  title =        {{Semidefinite Programming Duality and Linear Time-invariant Systems}},
  howpublished = {\url{http://docs.lib.purdue.edu/ecetr/162}},
  year =         {2002},
  note =         {{ECE Technical Reports. Paper 162.}},
}

@Book{Bertsekas_NonlinearProgramming,
  author =       {{D. P. Bertsekas}},
  title =        {{Nonlinear Programming}},
  publisher =    {{Athena Scientific}},
  year =         1999,
  edition =      {2nd},
  note =         {{ISBN 1-886529-00-0}}
}

@Article{BerrutTrefethen_BarycentricLagrangeInterpolation,
  author =       {{J.-P. Berrut and L. N. Trefethen}},
  title =        {{Barycentric Lagrange Interpolation}},
  journal =      SIAM_REV,
  year =         2004,
  volume =       46,
  number =       3,
  pages =        {501--517},
}

@Misc{BezansonKarpinskiShah_Julia,
  author =       {{J. Bezanson, S. Karpinski et. al.}},
  title =        {{The julia language}},
  howpublished = {\url{http://julialang.org}}
}

@Misc{BiniFiorentinoRobol_mpsolve,
  author =       {{D. A. Bini, G. Fiorentino and L. Robol}},
  title =        {{Multiprecision Polynomial Solver}},
  howpublished = {\url{https://github.com/robol/MPSolve}}
}

@Article{Bomar_NewSecondOrderStateSpaceStructures,
  author =       {{B. W. Bomar}},
  title =        {{New second-order state-space structures for realizing low
                  round off noise digital filters}},
  journal =      IEEE_TRANS_ASSP,
  year =         1985,
  volume =       33,
  number =       1,
  pages =        {106--110},
  month =        {February},
}

@Article{Bomar_OnDesignSecondOrderStateSpaceDigitalFilterSections,
  author =       {{B. W. Bomar}},
  title =        {{On the Design of Second-Order State-Space Digital Filter
                  Sections}},
  journal =      IEEE_TRANS_CAS,
  year =         1989,
  volume =       36,
  number =       4,
  pages =        {542--552},
  month =        {April},
}

@Misc{Boost_math_Zeta_website,
  author =       {{Boost Library Documentation}},
  title =        {{Jacobi Zeta Function}},
  howpublished = {\url{https://www.boost.org/doc/libs/1_70_0/libs/math/doc/html/math_toolkit/ellint/jacobi_zeta.html}}
}

@Misc{Borchers_CSDP,
  author =       {{B. Borchers}},
  title =        {{CSDP A Library for Semidefinite Programming}},
  howpublished = {\url{https://projects.coin-or.org/Csdp}}
}

@Book{BoydVandenberghe_ConvexOptimization,
  author =       {{S. Boyd and L. Vandenberghe}},
  title =        {{Convex Opimization}},
  publisher =    {{Cambridge University Press}},
  year =         2008,
  note =         {{ISBN 0-521-83378}}
}

@Article{Carlson_ComputingEllipticIntegrals,
  author =       {{B. C. Carlson}},
  title =        {Computing Elliptic Integrals by Duplication},
  journal =      {Numerische Mathematik},
  year =         1979,
  volume =       33,
  pages =        {1--16},
}

@Article{Carlson_PowerSeriesInverseEllipticFunctions,
  author =       {{B. C. Carlson}},
  title =        {{POWER SERIES FOR INVERSE JACOBIAN ELLIPTIC FUNCTIONS}},
  journal =      {{MATHEMATICS OF COMPUTATION}},
  year =         2008,
  month =        {July},
  volume =       77,
  number =       263,
  pages =        {1615--1621},
}

@Article{ChenParks_AnalyticNarrowBandFIRZolotarev,
  author =       {{Xiangkun Chen and T. W. Parks}},
  title =        {{Equiripple Approximation of Low-Pass FIR Filters}},
  journal =      IEEE_TRANS_CAS,
  year =         1986,
  month =        {November},
  volume =       33,
  number =       11, 
  pages =        {1065--1071},
}

@Article{Christianson_DeLinkedGoldsteinOrWolf,
  author =       {{B. Christianson}},
  title =        {{Global Convergence using De-linked Goldstein or Wolfe
                  Linesearch Conditions}},
  journal =      {{AMO - Advanced Modeling and Optimization}},
  year =         2009,
  volume =       1,
  number =       1,
  pages =        {25--31},
  issn =         {1841-4311},
}

@Article{Davidson_LMISpectralConstraints,
  author =       {{T. N. Davidson, Z.-Q. Luo and J. F. Sturm}},
  title =        {{Linear Matrix Inequality Formulation of Spectral Mask Constraints With Applications to FIR Filter Design}},
  journal =      IEEE_TRANS_SP,
  year =         2002,
  volume =       50,
  number =       11,
  pages =        {2702--2715},
  month =        {November},
}

@Article{Deczky_MinPSynthesisIIRDigitalFilters,
  author =       {{A. G. Deczky}},
  title =        {{Synthesis of recursive digital filters using the minimum
                  p-error criterion}},
  journal =      IEEE_TRANS_AU,
  year =         1972,
  volume =       20,
  pages =        {257--263},
  month =        {October},
}

@Article{Deczky_ProgramMinPSynthesisIIRFilters,
  author =       {{A. G. Deczky}},
  title =        {{Program for minimum-p synthesis of recursive digital
                  filters}},
  journal =      {{Programs For Digital Signal Processing}},
  publisher =    {IEEE Press},
  year =         1979,
}

@Book{DeschampsBioulSutter_SynthesisOfArithmeticCircuits,
  author =       {{J.-P. Deschamps, G. J. A. Biuol and G. D. Sutter}},
  title =        {{Synthesis of Arithmetic Circuits: FPGA, ASIC and Embedded
                  Systems}},
  publisher =    {{Wiley-InterScience}},
  year =         2006,
  note =         {{ISBN 0-471-68783-9}}
}

@Misc{Dia_DiagramEditor,
  author =       {gnome.org},
  title =        {Dia diagram editor},
  howpublished = {\url{https://wiki.gnome.org/Apps/Dia/}}
}

@Article{DogonataVaidyanathan_OneMultiplierLatticeFIR,
  author =       {{Z. Do{\u g}onata and P. P. Vaidyanathan}},
  title =        {{On One-Multiplier Implementations of FIR Lattice Structures}},
  journal =      IEEE_TRANS_CAS,
  year =         1987,
  volume =       34,
  number =       12,
  pages =        {1608--1609},
  month =        {December},
}

@Article{DumitrescuNiemisto_IIRFilterPositiveRealness,
  author =       {{B. Dumitrescu and R. Niemist\"{o}}},
  title =        {{Multistage IIR Filter Design Using Convex Stability Domains
                  Defined by Positive Realness}},
  journal =      IEEE_TRANS_SP,
  year =         2004,
  volume =       52,
  pages =        {962--974},
  month =        {April},
}

@Manual{Eaton_Octave,
  author =       {{John W. Eaton, David Bateman, S\"{o}ren Hauberg and Rik
                  Wehbring}},
  title =        {{GNU Octave} version 4.2.0 manual: a high-level interactive
                  language for numerical computations},
  year =         2016,
  howpublished = {\url{https://www.gnu.org/software/octave/doc/interpreter}}
}

@misc{EigenWeb,
  author =       {Ga\"{e}l Guennebaud and Beno\^{i}t Jacob and others},
  title =        {Eigen v3},
  howpublished = {\url{http://eigen.tuxfamily.org}},
  year =         2010
}

@Misc{FFTW_website,
  key =          {FFTW},
  title =        {{A fast, free C FFT library}},
  howpublished = {\url{http://www.fftw.org}}
}

@article{Fousse:2007:MMB:1236463.1236468,
  author =       {{ Laurent Fousse, Guillaume Hanrot, Vincent Lef\`{e}vre,
                  Patrick P\'{e}lissier and Paul Zimmermann}},
  title =        {{MPFR: A multiple-precision binary floating-point library with
                  correct rounding}},
  journal =      {ACM Trans. Math. Softw.},
  issue_date =   {June 2007},
  volume =       33,
  number =       2,
  month =        {June},
  year =         2007,
  issn =         {0098-3500},
  articleno =    13,
  url =          {http://doi.acm.org/10.1145/1236463.1236468},
  doi =          {10.1145/1236463.1236468},
  acmid =        1236468,
  publisher =    {ACM},
  address =      {New York, NY, USA},
  keywords =     {IEEE 754 standard, Multiple-precision arithmetic, correct
                  rounding, elementary function, floating-point arithmetic,
                  portable software},
}

@Misc{Fousse_MPFR,
  author =       {{L. Fousse et al.}},
  title =        {{MPFR: A multiple-precision binary floating-point library with
                  correct rounding}},
  howpublished = {\url{http://www.mpfr.org}}
}

@Misc{Freund_IntroToSDP,
  author =       {{R. M. Freund}},
  title =        {{Introduction to Semidefinite Programming (SDP)}},
  howpublished = {\url{https://ocw.mit.edu/courses/electrical-engineering-and-computer-science/6-251j-introduction-to-mathematical-programming-fall-2009/readings/MIT6_251JF09_SDP.pdf}},
  month =        {September},
  year =         2009
}

@Misc{GNU_GLPK,
  title =        {{GNU Linear Programming Kit}},
  author =       {GNU Project},
  howpublished = {\url{https://www.gnu.org/software/glpk/}}
}

@Misc{GNU_GMP,
  title =        {{GMP: The GNU Multiple Precision Arithmetic Library}},
  author =       {GNU Project},
  howpublished = {\url{http://gmplib.org}}
}

@Misc{GNU_GSL,
  title =        {{GMP - GNU Scientific Library}},
  author =       {GNU Project},
  howpublished = {\url{https://www.gnu.org/software/gsl/}}
}

@Article{Gazsi_ExplicitFormulasLatticeWaveDigitalFilters,
  author =       {{L. Gazsi}},
  title =        {{Explicit formulas for lattice wave digital filters}},
  journal =      IEEE_TRANS_CAS,
  year =         1985,
  volume =       32,
  pages =        {68--88},
  month =        {January},
}

@Article{GoemansWilliamson_ImprovedApproximationMaximumCut,
  author =       {{M. X. Goemans and D. P. Williamson}},
  title =        {{Improved Approximation Algorithms for Maximum Cut and
                  Satisfiability Problems Using Semidefinite Programming}},
  journal =      {{Journal of the ACM}},
  year =         1995,
  volume =       42,
  number =       6,
  pages =        {1115--1145}
}

@article{Goldberg_FloatingPoint,
  author =       {Goldberg, David},
  title =        {{What Every Computer Scientist Should Know About
                  Floating-point Arithmetic}},
  journal =      {ACM Comput. Surv.},
  issue_date =   {March 1991},
  volume =       23,
  number =       1,
  month =        mar,
  year =         1991,
  issn =         {0360-0300},
  pages =        {5--48},
  url =          {http://doi.acm.org/10.1145/103162.103163},
}

@Article{GoldfarbIdnani_NumericallyStableDualQuadraticPrograms,
  author =       {{D. Goldfarb and A. Idnani}},
  title =        {{A Numerically Stable Dual Method for Solving Strictly Convex
                  Quadratic Programs}},
  journal =      {{Mathematical Programming}},
  year =         1983,
  volume =       27,
  pages =        {1--33},
}

@Book{GolubVanLoan_MatrixComputations,
  author =       {{G. H. Golub and C. F. van Loan}},
  title =        {{Matrix Computations}},
  publisher =    {{The Johns Hopkins University Press}},
  year =         1996,
  edition =      {3rd},
  note =         {{ISBN 0-8018-5413-8}}
}

@Article{GrayMarkel_DigitalLatticeAndLadderFilterSynthesis,
  author =       {{A. H. Gray and J. D. Markel}},
  title =        {{Digital Lattice And Ladder Filter Synthesis}},
  journal =      IEEE_TRANS_AU,
  year =         1973,
  volume =       21,
  number =       6,
  pages =        {491--500},
  month =        {December},
}

@Article{Hammarling_SolutionDiscreteLyapunov,
  author =       {{S. Hammarling}},
  title =        {{Numerical solution of the discrete-time, convergent,
                  non-negative definite Lyapunov equation}},
  journal =      {{Systems and Control Letters}},
  year =         1991,
  volume =       17,
  pages =        {137--139},
}

@Article{Higham_StabilityBarycentricLagrangianInterpolation,
  author =       {{N. J. Higham}},
  title =        {{The numerical stability of barycentric Lagrange interpolation}},
  journal =      {{IMA Journal of Numerical Analysis}},
  year =         2004,
  volume =       24,
  pages =        {547--556},
}

@InProceedings{Hinamoto_JointlyOptimisedErrorFeedbackAndRealisation,
  author =       {{Takao Hinamoto, Keijiro Kawai, Masayoshi Nakamoto and
                  Wu-Sheng Lu}},
  title =        {{Jointly Optimized Error-Feedback and Realization For Roundoff
                  Noise Minimization In State-Estimate Feedback Digital
                  Controllers}},
  booktitle =    {{16th European Signal Processing Conference (EUSIPCO 2008),
                  Lausanne, Switzerland}},
  year =         2008,
  month =        {August},
}

@Article{Hinamoto_RoundoffNoiseMinimizationUsingSeparateAndJointFeedbackCoordinateTransformation,
  author =       {{Takao Hinamoto, Hiroaki Ohnishi, and Wu-Sheng Lu}},
  title =        {{Roundoff Noise Minimization of State-Space Digital Filters
                  Using Separate and Joint Error Feedback/Coordinate
                  Transformation Optimization}},
  journal =      IEEE_TRANS_CAS1,
  year =         2003,
  volume =       50,
  number =       1,
  pages =        {23--33},
  month =        {January},
}

@Misc{Hofstetter_DesignNonRecursiveDigitalFilters,
  author =       {{E. M. Hofstetter}},
  title =        {{A New Technique for the Design of Non-Recursive Digital Filters}},
  note =         {{Massachusetts Institute of Technology, Lincoln Laboratory, Technical Note 1970-42}},
  year =         {1970},
  month =        {December},
}

@Book{Hwang_ComputerArithmetic,
  author =       {{Kai Hwang}},
  title =        {{Computer Arithmetic : Principles, Architecture and Design}},
  publisher =    {{John Wiley and Sons}},
  year =         1979,
  note =         {ISBN 0-471-03496-7}
}

@InProceedings{Ito_FIRSP2CoefficientsRelaxationTriangleInequalities,
  author =       {{Rika Ito, Tetsuya Fujie, Kenji Suyama, Ryuichi Hirabayashi}},
  title =        {{New design method of FIR filters with SP2 coefficients based
                  on a new linear programming relaxation with triangle
                  inequalities}},
  booktitle =    {{11th European Signal Processing Conference (EUSIPCO 2002)}},
  year =         2002,
}

@Misc{Ito_PowersOfTwoAllocationFIR,
  author =       {{Rika Ito, Tetsuya Fujie, Kenji Suyama and Ryuichi
                  Hirabayashi}},
  title =        {{A powers-of-two term allocation algorithm for designing FIR
                  filters with CSD coefficients in a min-max sense}},
  howpublished =
                  {\url{http://www.eurasip.org/Proceedings/Eusipco/Eusipco2004/defevent/papers/cr1722.pdf}}
}

@InProceedings{IvanovaStoyanov_LowSensitivitySecondOrderAllpass,
  author =       {{K. Ivanova and G.Stoyanov}},
  title =        {{A New Low-sensitivity Second-order Allpass Section Suitable
                  for Fractional Delay Filter Realizations}},
  booktitle =    {TELSIKS 2007},
  year =         2007,
  month =        {September},
  pages =        {317--320},
}

@Article{Iwasaki_GeneralizedKYPFrequencyDomainInequalities,
  author =       {{T. Iwasaki and S. Hara}},
  title =        {{Generalised KYP Lemma: Unified Frequency Domain Inequalities With Design Applications}},
  journal =      IEEE_TRANS_CONTROL,
  year =         2005,
  volume =       50,
  number =       1,
  pages =        {41--59},
  month =        {January},
}

@InProceedings{Iwasaki_KYPlemmaFrequencyInequalities,
  author =       {{T. Iwasaki and S. Hara}},
  title =        {{Generalization of Kalman-Yakubovi\u{c}-Popov Lemma for Restricted Frequency Inequalities}},
  booktitle =    {{Proceedings of the American Control Conference}},
  year =         2003,
  month =        {June},
  pages =        {3828--3833},
}

@InProceedings{JohanssonSaramaki_ClassComplementaryIIRFilters,
  author =       {{H. Johansson and T. Saram\"{a}ki}},
  title =        {{A Class of Complementary IIR Filters}},
  booktitle =    {{Proceedings of the IEEE International Symposium on Circuits and Systems VLSI}},
  year =         1999,
  month =        {May},
}

@Article{JohanssonWanhammar_RecursiveDigitalFiltersFrequencyMasking,
  author =       {{H. Johansson and L. Wanhammar}},
  title =        {{High-Speed Recursive Digital Filters Based on the
                  Frequency-Response Masking Approach}},
  journal =      IEEE_TRANS_CAS2,
  volume =       47,
  number =       1,
  pages =        {48--61},
  year =         2000,
  month =        {January},
}

@Misc{Jones_PRNG,
  author =       {{David Jones}},
  title =        {{Good Practice in (Pseudo) Random Number Generation for
                  Bioinformatics Applications}},
  howpublished =
  {\url{http://www0.cs.ucl.ac.uk/staff/d.jones/GoodPracticeRNG.pdf}}
}

@Article{Kalman_LyapunovFunctions,
  author =       {{R. E. Kalman}},
  title =        {{Lyapunov Functions for the Poblem of Lur'e in Automatic
                  Control}},
  journal =      {{Proceedings of the National Academy of Sciences of the United
                  States of America}},
  year =         1963,
  month =        {February},
  volume =       49,
  number =       2,
  pages =        {201--205},
}

@Article{Kauraniemi_DeltaOperatorRealizationsDirectForm,
  author =       {{Juha Kauraniemi, Timo I. Laakso, Iiro Hartimo and Seppo
                  J. Ovaska}},
  title =        {{Delta Operator Realizations of Direct-Form IIR Filters}},
  journal =      IEEE_TRANS_CAS2,
  year =         1998,
  volume =       45,
  number =       1,
  pages =        {41--52},
  month =        {January},
}

@Article{KimKwonOh_PerformanceModifiedArmijoLineSearchInBFGSOptimisation,
  author =       {{Min Su Kim, Sun Joo Kwon and Se Young Oh}},
  title =        {{The Performance of a Modified Armijo Line Search Rule in BFGS
                  Optimisation Method}},
  journal =      {{Journal of the ChungCheong Mathematical Society}},
  year =         2008,
  month =        {March},
  volume =       21,
  number =       1,
  pages =        {117--127},
}

@Article{Koshita_et_al_GramianPreservingFrequencyTransformationNormalisedLattice,
  author =       {{Shunsuke Koshita, Satoru Tanaka, Masahide Abe and Masayuki
                  Kawamata}},
  title =        {{Grammian-Preserving Frequency Transformation for Linear
                  Discrete-Time Systems Using Normalised Lattice Structure}},
  journal =      IEEE_ISCAS,
  year =         2008,
  pages =        {1124--1127},
}

@Book{Kreyszig_AdvancedEngineeringMathematics,
  author =       {{Erwin Kreyszig}},
  title =        {{Advanced Engineering Mathematics}},
  publisher =    {{John Wiley and Sons}},
  year =         1983,
  edition =      {{Fifth}},
  note =         {{ISBN 0-471-88941-5}}
}

@InProceedings{KrukowskiKaleCain_DecompositionIIRTransferFunctions,
  author =       {{A. Krukowski, I. Kale and G. D. Cain}},
  title =        {{Decomposition of IIR Transfer Functions Into Parallel
                  Arbirary-Order IIR Subfilters}},
  booktitle =    {{IEEE Nordic Signal Processing Symposium(NORSIG'96)}},
  year =         1996,
}

@InProceedings{KrukowskiKale_AlmostLinearPhasePolyphaseIIRFilter,
  author =       {{A. Krukowski and I. Kale}},
  title =        {{Almost Linear-Phase Polyphase IIR Lowpass/Highpass Filter
                  Approach}},
  booktitle =    {{Proceedings of the Fifth International Symposium on Signal
                  Processing and it's Applications}},
  year =         1999,
}

@InProceedings{KrukowskiKale_FixedPointFilterDesignBitFlippingSimplex,
  author =       {{A. Krukowski and I. Kale}},
  title =        {{Two Approaches for fixed-point filter design: "bit-flipping"
                  algorithm and constrained down-hill Simplex method}},
  booktitle =    {{Proceedings of the Fifth International Symposium on Signal
                  Processing and its Applications}},
  year =         1999,
  pages =        {965--968},
  volume =       2,
}

@InProceedings{Kunold_LinearPhaseRealizationWaveDigitalFilters,
  author =       {{I. Kunold}},
  title =        {{Linear phase realization of wave digital lattice filters}},
  booktitle =    IEEE_ICASSP,
  year =         1988,
  pages =        {1455--1458},
}

@Misc{LAPACK_website,
  key =          {LAPACK},
  title =        {{LAPACK-Linear Algebra PACKage}},
  howpublished = {\url{http://www.netlib.org/lapack/}}
}

@Article{LandDoig_AutomaticMethodSolvingDiscreteProgrammingProblems,
  author =       {{A. H. Land and A. G. Doig}},
  title =        {{An Automatic Method Of Solving Discrete Programming
                  Problems}},
  journal =      {Econometrica},
  year =         1960,
  volume =       28,
  number =       3,
  pages =        {497--520},
  month =        {July}
}

@Article{Landen01011775,
author = {Landen, John}, 
title = {{XXVI. An investigation of a general theorem for finding the length of any arc of any conic hyperbola, by means of two elliptic arcs with some other new and useful theorems deduced therefrom}},
volume = {65}, 
pages = {283-289}, 
year = {1775}, 
doi = {10.1098/rstl.1775.0028}, 
URL = {http://rstl.royalsocietypublishing.org/content/65/283.short}, 
eprint = {http://rstl.royalsocietypublishing.org/content/65/283.full.pdf+html}, 
journal = {{Philosophical Transactions}}
}

@Article{Lang_LSDesignIIRDigitalFiltersPoleRadiusConstraint,
  author =       {{M. C. Lang}},
  title =        {{Least-Squares Design of IIR Filters with Prescribed Magnitude
                  and Phase Responses and a Pole Radius Constraint}},
  journal =      IEEE_TRANS_SP,
  year =         2000,
  volume =       48,
  number =       11,
  pages =        {3109--3121},
  month =        {November},
}

@Article{Lasserre_GlobalOptimizationPolynomialsMoments,
  author =       {J.B.Lasserre},
  title =        {{Global Optimization with Polynomials and the Problem of
                  Moments}},
  journal =      SIAM_JOPT,
  year =         2001,
  volume =       11,
  number =       3,
  pages =        {796--817},
}

@Article{Levy_RationalApproximationZolotarev,
  author =       {{R. Levy}},
  title =        {{Generalized Rational Function Approximation in Finite Intervals Using Zolotarev Functions}},
  journal =      IEEE_TRANS_MTT,
  year =         1970,
  volume =       18,
  number =       12,
  pages =        {1052--1064},
  month =        {December},
}

@Article{LiGevers_RoundoffNoiseMinimizationDeltaOperator,
  author =       {{Gang Li and Michel Gevers}},
  title =        {{Roundoff Noise Minimization Using Delta-Operator
                  Realizations}},
  journal =      IEEE_TRANS_SP,
  year =         1993,
  volume =       41,
  number =       2,
  pages =        {629--637},
  month =        {February},
}

@Article{LimLui_CascadeFIRDiscreteCoefficients,
  author =       {{Y. C. Lim and B. Liu}},
  title =        {Design of Cascade Form FIR Filters with Discrete Valued Coefficients},
  journal =      IEEE_TRANS_ASSP,
  year =         1988,
  volume =       36,
  number =       11,
  pages =        {1735--1739},
  month =        {November},
}

@Article{LimParker_FilterDesignOverPowersOfTwoCoefficientSpace,
  author =       {{Y. C. Lim and S. R. Parker}},
  title =        {{FIR Filter Design Over a Discrete Powers-of-Two Coefficient
                  Space}},
  journal =      IEEE_TRANS_ASSP,
  year =         1983,
  volume =       31,
  number =       3,
  pages =        {583--591},
  month =        {June},
}

@Misc{LimYuSaramaki_FRMHilbertTransformer,
  title =        {FRM Approach for Hilbert Transformer Synthesis},
  author =       {Y.C. Lim, Y. Yu, and T. Saram\"{a}ki},
  howpublished = {\url{http://www.yli-kaakinen.fi/publications/CSC03/Yu07_ICITA.pdf}}
}

@Article{LimYu_SynthesisVerySharpHilbertTransformerUsingFRM,
  title =        {{Synthesis of very sharp Hilbert transformer using the
                  frequency-response masking technique}},
  author =       {{Lim, Yong Ching and Yu, Ya Jun}},
  journal =      IEEE_TRANS_SP,
  volume =       53,
  number =       7,
  pages =        {2595--2597},
  year =         2005,
  publisher =    {IEEE}
}

@Article{Lim_FrequencyResponseMaskingSharpDigitalFilters,
  author =       {{Y. C. Lim}},
  title =        {{Frequency-Response Masking Approach for the Synthesis of
                  Sharp Linear Phase Digital Filters}},
  journal =      IEEE_TRANS_CAS,
  volume =       33,
  number =       24,
  pages =        {357--364},
  year =         1986,
  month =        {April},
}

@Article{Lim_SignedPowerOfTwoAllocationDigitalFilters,
  author =       {{Y. C. Lim, R. Yang, D. Li and J. Song}},
  title =        {{Signed Power-of-Two Term Allocation Scheme for the Design of
                  Digital Filters}},
  journal =      IEEE_TRANS_CAS2,
  year =         1999,
  month =        {May},
  volume =       46,
  number =       5,
  pages =        {577-584},
}

@Misc{LoboVandenbergheBoydLebret_ApplicationsSecondOrderConeProgramming,
  author =       {{M. S. Lobo, L. Vandenberghe, S. Boyd and H. Lebret}},
  title =        {{Applications of second-order cone programming}},
  howpublished = {{Linear Algebra and its Applications}},
  number =       284,
  pages =        {193--228},
  year =         1998
}

@Article{LuHinamoto_FIRDiscreteCoefficientsPolynomialProgramming,
  author =       {{W.-S. Lu and T. Hinamoto}},
  title =        {{Design of FIR Filters with Discrete Coefficients via
                  Polynomial Programming: Towards the Global Solution}},
  journal =      IEEE_ISCAS,
  year =         2007,
  pages =        {2048--2051},
}

@Article{LuHinamoto_IIRFrequencyMaskingFiltersConeProgramming,
  author =       {{W.-S. Lu and T. Hinamoto}},
  title =        {{Optimal Design of IIR Frequency-Response-Masking Filters
                  Using Second-Order Cone Programming}},
  journal =      IEEE_TRANS_CAS1,
  volume =       50,
  number =       11,
  pages =        {1401--1412},
  year =         2003,
  month =        {November},
}

@Article{LuHinamoto_IIRRobustStabilityQuadraticProgramming,
  author =       {{W.-S. Lu and T. Hinamoto}},
  title =        {{Optimal Design of IIR Digital Filters With Robust Stability
                  Using Conic Quadratic-Programming Updates}},
  journal =      IEEE_TRANS_SP,
  volume =       51,
  number =       6,
  pages =        {1581--1592},
  year =         2003,
  month =        {June},
}

@Article{LuHinamoto_JointlyOptimizedErrorFeedbackStateSpaceFilters,
  author =       {{W.-S. Lu and T. Hinamoto}},
  title =        {{Jointly Optimized Error-Feedback and Realization for Roundoff
                  Noise Minimization in State-Space Digital Filters}},
  journal =      IEEE_TRANS_SP,
  volume =       53,
  number =       6,
  pages =        {2135--2145},
  year =         2005,
  month =        {June},
}

@Article{Lu_ArgumentPrincipleIIRFilterStability,
  author =       {{Wu-Sheng Lu}},
  title =        {{An Argument-Principle Based Stability Criterion and
                  Application to the Design of IIR Digital Filters}},
  journal =      IEEE_ISCAS,
  pages =        {4431--4434},
  year =         2006,
}

@Article{Lu_DigitalFilterGlobalPolynomialOptimization,
  author =       {Wu-Sheng Lu},
  title =        {{Digital Filter Design: Global Solutions via Polynomial
                  Optimization}},
  journal =      IEEE_APCCAS,
  pages =        {49--52},
  year =         2006,
}

@Article{Lu_FIRDiscreteCoefficientsConvexRelaxation,
  author =       {{Wu-Sheng Lu}},
  title =        {{Design of FIR Filters with Discrete Coefficients via Convex
                  Relaxation}},
  journal =      IEEE_ISCAS,
  pages =        {1831--1834},
  year =         2005,
}

@Article{Lu_FIRDiscreteCoefficientsSemidefiniteRelaxation,
  author =       {{Wu-Sheng Lu}},
  title =        {{Design of FIR Filters with Discrete Coefficients: A
                  Semidefinite Programming Relaxation Approach}},
  journal =      IEEE_ISCAS,
  volume =       {II},
  pages =        {297--300},
  year =         2001,
}

@Article{Lu_FIRDiscreteCoefficientsSphereRelaxation,
  author =       {{Wu-Sheng Lu}},
  title =        {{Design of FIR Filters with Discrete Coefficients via Sphere
                  Relaxation}},
  journal =      IEEE_ISCAS,
  pages =        {2509--2512},
  year =         2006,
}

@Misc{Lu_SedumiRemarks,
  author =       {{Wu-Sheng Lu}},
  title =        {{Use SeDuMi to Solve LP, SDP and SCOP Problems: Remarks and
                  Examples}},
  howpublished = {\url{http://www.ece.uvic.ca/~wslu/Talk/SeDuMi-Remarks.pdf}}
}

@Article{Lutovac_EllipticIIRReducedNumberShiftAdd,
  author =       {{M. Lutovac and L. Mili\'{c}}},
  title =        {{Design Of Computationally Efficient Elliptic IIR Filters with a Reduced Number of Shift-and-Add Operations in Multipliers}},
  journal =      IEEE_TRANS_SP,
  year =         1997,
  volume =       45,
  number =       10,
  pages =        {2422--2430},
  month =        {October},
}

@Misc{Mathworks_MATLAB,
  title =        {{MATLAB: The Language of Technical Computing}},
  author =       {{The MathWorks}},
  howpublished = {\url{http://mathworks.com}}
}

@Misc{Maxima_website,
  title =        {{Maxima, a Computer Algebra System}},
  author =       {{William Schelter}},
  howpublished = {\url{http://maxima.sourceforge.net/}}
}

@Misc{Mathematica_Jacobi_Zeta_website,
  title =        {{Mathematica}},
  author =       {{Wolfram}},
  howpublished = {\url{http://functions.wolfram.com/EllipticIntegrals/JacobiZeta/02}}
}

@Article{MianNainer_FastDesignEquiRippleMinimumPhaseFIR,
  author =       {{Gian Antonio Mian and Alberto Pio Nainer}},
  title =        {{A Fast Procedure to Design Equiripple Minimum-Phase FIR
                  Filters}},
  journal =      IEEE_TRANS_CAS,
  year =         1982,
  volume =       29,
  number =       5,
  pages =        {327--331},
  month =        {May},
}

@Article{MilicCertic_IIRFilterBanksFrequencyResponseMasking,
  author =       {{L. Mili\'{c} and J. \'{C}erti\'{c}}},
  title =        {{Two-Channel IIR Filter Banks Utilizing the Frequency-Response
                  Masking Technique}},
  journal =      {Telfor Journal},
  volume =       1,
  number =       2,
  pages =        {45--48},
  year =         2009,
}

@InProceedings{Milic_FRMAllpassHilbert,
  author =       {{L. Mili\'{c}, J. \'{C}erti\'{c} and M. Lutovac}},
  title =        {{A class of FRM-based all-pass digital filters with
                  applications in half-band filters and Hilbert transformers}},
  booktitle =    {{International Conference on Green Circuits and Systems}},
  pages =        {273--278},
  year =         2010,
  organization = {IEEE}
}

@Article{Milic_MultiplierlessEllipticIIR,
  author =       {{L. Mili\'{c} and M. Lutovac}},
  title =        {{Design of Multiplierless Elliptic IIR Filters with a Small
                  Quantization Error}},
  journal =      IEEE_TRANS_SP,
  year =         1999,
  volume =       47,
  number =       2,
  pages =        {469--479},
  month =        {February},
}

@Misc{Miller_Wikipedia,
  title =        {{Peter Miller}},
  author =       {{Wikipedia}},
  howpublished = {\url{https://en.wikipedia.org/wiki/Peter_Miller_(software_engineer)}}
}

@Misc{Miller_aegis,
  author =       {{Peter Miller}},
  title =        {{aegis-4.24}},
  howpublished = {\url{http://aegis.sourceforge.net}}
}

@Misc{Miller_fhist,
  author =       {{Peter Miller}},
  title =        {{fhist-1.21.D001}},
  howpublished = {\url{http://fhist.sourceforge.net}}
}

@Misc{Miller_libexplain,
  author =       {{Peter Miller}},
  title =        {{libexplain}},
  howpublished = {\url{http://libexplain.sourceforge.net}}
}

@Article{MitraHirano_DigitalAllPassNetworks,
  author =       {{S. K. Mitra and K. Hirano}},
  title =        {{Digital All-Pass Networks}},
  journal =      IEEE_TRANS_CAS,
  volume =       21,
  number =       5,
  pages =        {688--700},
  month =        {September},
  year =         1974
}

@Article{MitraSherwood_DigitalFiltersContinuedFraction,
  author =       {{S. K. Mitra and R. J. Sherwood}},
  title =        {{Canonic Realizations of Digital Filters Using the Continued
                  Fraction Expansion}},
  journal =      IEEE_TRANS_AU,
  volume =       20,
  number =       3,
  pages =        {185--194},
  month =        {August},
  year =         1972
}

@Book{MorseFeshbach_MethodsOfTheoreticalPhysics,
  author =       {{P. Morse and H. Feshbach}},
  title =        {{Methods Of Theoretical Physics Part I}},
  publisher =    {{McGraw-Hill Book Company}},
  year =         1953,
  note =         {{Library of Congress Catalog Card Number: 52-11515}},
}

@Article{MullisRoberts_InterpretationOfErrorSpectrumShapingInDigitalFilters,
  author =       {{C. T. Mullis and R. A. Roberts}},
  title =        {{An Interpretation of Error Spectrum Shaping in Digital
                  Filters}},
  journal =      IEEE_TRANS_ASSP,
  year =         1982,
  volume =       30,
  number =       6,
  pages =        {1013--1015},
  month =        {December},
}

@Article{MullisRoberts_RoundoffNoiseInDigitalFiltersFrequencyTransformations,
  author =       {{C. T. Mullis and R. A. Roberts}},
  title =        {{Roundoff Noise in Digital Filters:Frequency Transformations
                  and Invariants}},
  journal =      IEEE_TRANS_ASSP,
  year =         1976,
  volume =       24,
  number =       6,
  pages =        {538--550},
  month =        {December},
}

@Article{MullisRoberts_SynthesisMinimumRoundoffNoiseDigitalFilters,
  author =       {{C. T. Mullis and R. A. Roberts}},
  title =        {{Synthesis of minimum roundoff noise fixed-point digital
                  filters}},
  journal =      IEEE_TRANS_CAS,
  year =         1976,
  volume =       23,
  pages =        {512--551},
  month =        {September},
}

@Article{MurumatsuSuzuki_SecondOrderConeRelaxationMaxCut,
  author =       {{M. Murumatsu and T. Suzuki}},
  title =        {{A NEW SECOND-ORDE CONE PROGRAMMING RELAXATION FOR MAX-CUT
                  PROBLEMS}},
  journal =      {{Journal of the Operations Research Society of Japan}},
  year =         2003,
  volume =       46,
  number =       2,
  pages =        {164--177}
}

@Misc{NICTA_Armadillo,
  author =       {{C. Sanderson}},
  title =        {{Armadillo C++ linear algebra library}},
  howpublished = {\url{http://arma.sourceforge.net}}
}

@misc{NIST_DigitalLibraryMathematicalFunctions,
author =         {{F.~W.~J. Olver, A.~B. {Olde Daalhuis}, D.~W. Lozier, 
                   B.~I. Schneider, R.~F. Boisvert, C.~W. Clark, B.~R. Miller 
                   and B.~V. Saunders, editors}},
title =          {{NIST Digital Library of Mathematical Functions}},
howpublished =   {\url{http://dlmf.nist.gov/}},
}

@Misc{Neumaier_MINQ,
  author =       {{Arnold Neumaier}},
  title =        {{MINQ - General Definite and Bound Constrained Indefinite
                  Quadratic Programming}},
  howpublished = {\url{http://www.mat.univie.ac.at/~neum/software/minq/}},
  year =         1998,
}

@Article{NishiharaSugahara_SynthesisDigitalFiltersMinimumPoleSensitivity,
  author =       {{A. Nishihara and K. Sugahara}},
  title =        {{A Synthesis of Digital Filters with Minimum Pole
                  Sensitivity}},
  journal =      TRANS_IECE,
  year =         1982,
  volume =       {E65},
  number =       5,
  pages =        {234--240},
  month =        {May},
}

@Book{NocedalWright_NumericalOptimization,
  author =       {{Jorge Nocedal and Stephen J.Wright}},
  title =        {Numerical Optimization},
  publisher =    {Springer},
  year =         2006,
  edition =      {Second},
  note =         {{ISBN 0-387-30303-0}}
}

@Misc{OctaveForge,
  title =        {{Octave-Forge}},
  howpublished = {\url{http://octave.sourceforge.net}}
}

@Misc{OctaveForge_OptimPackage,
  author =       {{Octave Forge}},
  title =        {Non-linear optimization toolbox},
  howpublished = {\url{http://octave.sourceforge.net/optim/}}
}

@Misc{OctaveForge_ParallelPackage,
  author =       {{Octave Forge}},
  title =        {Parallel execution package},
  howpublished = {\url{http://octave.sourceforge.net/parallel/}}
}

@Misc{OctaveForge_SignalPackage,
  author =       {{Octave Forge}},
  title =        {Signal processing toolbox},
  howpublished = {\url{http://octave.sourceforge.net/signal/}}
}

@Misc{OctaveForge_SymbolicPackage,
  author =       {{Octave Forge}},
  title =        {Symbolic calculation toolbox},
  howpublished = {\url{http://octave.sourceforge.net/symbolic/}}
}

@Misc{OctaveWindowsInstaller,
  title =        {{Octave installer for Microsoft Windows}},
  key =          {{John W. Eaton}},
  howpublished = {\url{https://ftp.gnu.org/gnu/octave/windows/octave-4.4.0-w64_1-installer.exe}}
}

@Misc{OpenBLAS_website,
  key =          {OpenBlas},
  title =        {{OpenBlas: An optimised BLAS library}},
  howpublished = {\url{http://www.openblas.net/}}
}

@Book{OppenheimSchafer_DiscreteTimeSignalProcessing,
  author =       {Alan V. Oppenheim and Ronald W. Schafer},
  title =        {{Discrete-Time Signal Processing}},
  publisher =    {Prentice Hall},
  year =         1998,
  edition =      {2nd},
  note =         {ISBN 0-13-754920-2},
}

@Article{OrchardWillson_ComputationMinimumPhaseSpectralFactor,
  author =       {{H. J. Orchard and Alan N. Willson}},
  title =        {{On the Computation of a Minimum-Phase Spectral Factor}},
  journal =      IEEE_TRANS_CAS1,
  year =         2003,
  volume =       50,
  number =       3,
  pages =        {365--375},
  month =        {March},
}

@Article{OrchardWillson_EllipticFunctionsFilterDesign,
  author =       {{H. J. Orchard and Alan N. Willson}},
  title =        {{Elliptic Functions for Filter Design}},
  journal =      IEEE_TRANS_CAS1,
  year =         1997,
  volume =       44,
  number =       4,
  pages =        {273--287},
  month =        {April},
}

@Misc{Orfanidis_NotesEllipticFilterDesign,
  author =       {{S. J. Orfanidis}},
  title =        {{Lecture Notes on Elliptic Filter Design}},
  howpublished = {\url{http://eceweb1.rutgers.edu/~orfanidi/ece521/notes.pdf}}
}

@Book{Papoulis_SignalAnalysis,
  author =       {{Athanasios Papoulis}},
  title =        {{Signal Analysis}},
  publisher =    {{McGraw-Hill International}},
  year =         1981,
  note =         {{ISBN 0-07-066468-4}}
}

@Book{Parhi_VLSIDigitalSignalProcessingSystems,
  author =       {{Keshab K. Parhi}},
  title =        {{VLSI Digital Signal Processing Systems : Design and
                  Implementation}},
  publisher =    {Wiley Inter-Science},
  year =         1999,
  note =         {{ISBN 0-471-24186-5}}
}

@Article{ParksMcClellan_ChebyshevApproxNonRecursiveDigitalFilters,
  author =       {{T. W. Parks and J. H. McClellan}},
  title =        {{Chebyshev Approximation for Nonrecursive
Digital Filters with Linear Phase}},
  journal =      IEEE_TRANS_CT,
  year =         1972,
  month =        {March},
  volume =       19,
  number =       2, 
  pages =        {189--194},
}

@Article{McClellanParks_ComputerProgramFIRLinearPhaseFilters,
  author =       {{J. H. McClellan, T. W. Parks and L. R. Rabiner}},
  title =        {{A Computer Program for Designing Optimum FIR Linear Phase Digital Filters}},
  journal =      IEEE_TRANS_AU,
  year =         1973,
  month =        {December},
  volume =       21,
  number =       6, 
  pages =        {506--526},
}

@Article{PeiLin_MinimumPhaseFIRRealCepstrum,
  author =       {{Soo-Chang Pei and Huei-Shan Lin}},
  title =        {{Miniumum-Phase FIR Filter Design Using Real Cepstrum}},
  journal =      IEEE_TRANS_CAS_Express,
  year =         2006,
  volume =       53,
  number =       10,
  pages =        {1113--1117},
  month =        {October},
}

@Article{Pipeleers_GeneralisedKYPRealData,
  author =       {{G. Pipeleers and L. Vandenberghe}},
  title =        {{Generalized KYP Lemma with Real Data}},
  journal =      IEEE_TRANS_CONTROL,
  year =         2011,
  volume =       56,
  number =       12,
  pages =        {2942--2946},
  month =        {December},
}

@Article{Pipeleers_GeneralizingKYPMultipleFrequencyIntervals,
  author =       {{G. Pipeleers, T. Iwasaki and S. Hara}},
  title =        {{GENERALIZING THE KYP LEMMA TO MULTIPLE FREQUENCY INTERVALS}},
  journal =      SIAM_SICON,
  year =         2014,
  volume =       52,
  number =       6,
  pages =        {3618--3638},
}

@Article{Powell_FastNonlinearConstrainedOptimization,
  author =       {{M. J. D. Powell}},
  title =        {{A Fast Algorithm for Nonlinearly Constrained Optimization
                  Calculations}},
  journal =      {Lecture Notes in Mathematics},
  year =         1978,
  volume =       630,
  publisher =    {Springer Verlag},
  pages =        {144--157},
}

@Misc{QRUPDATE_website,
  key =          {qrupdate},
  title =        {{qrupdate is a Fortran library for fast updates of QR and
                  Cholesky decompositions}},
  howpublished = {\url{https://sourceforge.net/projects/qrupdate/}}
}

@Article{Rabrenovic_AttenuationCauerFiltersWithoutEllipticFunctions,
  author =       {{D. Rabrenovi\'{c} and M. Lutovac}},
  title =        {{Minimum Stopband Attenuation of Cauer Filters without Elliptic Functions and Integrals}},
  journal =      IEEE_TRANS_CAS1,
  year =         1993,
  volume =       40,
  number =       9,
  pages =        {618--621},
  month =        {September},
}

@Article{Rabrenovic_EllipticMinimalQ,
  author =       {{D. Rabrenovi\'{c} and M. Lutovac}},
  title =        {{Elliptic filters with minimal Q-factors}},
  journal =      {{Electronics Letters}},
  year =         1994,
  volume =       30,
  number =       3,
  pages =        {206--207},
  month =        {{3rd February}},
}

@Article{Rantzer_KYP_PositiveSystems,
  author =       {{A. Rantzer}},
  title =        {{On the Kalman-Yakubovich-Popov Lemma for Positive Systems}},
  journal =      IEEE_TRANS_CONTROL,
  year =         2016,
  volume =       61,
  number =       5,
  pages =        {1346--1349},
  month =        {May},
}

@Article{RegaliaMitraVaidyanathan_DigitalAllPassFilterVersatileSignalProcessing,
  author =       {{P. A. Regalia, S. K. Mitra and P. P. Vaidyanathan}},
  title =        {{The Digital All-Pass Filter: A Versatile Signal Processing
                  Building Block}},
  journal =      IEEE_PROC,
  year =         1988,
  volume =       76,
  number =       1,
  pages =        {19--37},
  month =        {January},
}

@Article{Regalia_StableLatticeAdaptiveIIR,
  author =       {{P. A. Regalia}},
  title =        {{Stable and Efficient Lattice Algorithms for Adaptive IIR
                  Filtering}},
  journal =      IEEE_TRANS_SP,
  year =         1992,
  volume =       40,
  number =       2,
  pages =        {375--388},
  month =        {February},
}

@Article{RehmanIpsen_BuddeCharacteristicPoly,
  author =       {{R. Rehman and I. C. F. Ipsen}},
  title =        "{La Budde's Method for Computing Characteristic Polynomials}",
  journal =      {ArXiv e-prints},
  archivePrefix ="arXiv",
  eprint =       {1104.3769},
  primaryClass = "math.NA",
  keywords =     {Mathematics - Numerical Analysis, 65F15, 65F40, 65G50, 15A15,
                  15A18},
  year =         2011,
  month =        {April},
  adsurl =       {http://adsabs.harvard.edu/abs/2011arXiv1104.3769R},
  adsnote =      {Provided by the SAO/NASA Astrophysics Data System},
  howpublished = {\url{http://arxiv.org/pdf/1104.3769v1}}
}

@PhdThesis{Rehman_ComputationCharacteristicPolynomial,
  author =       {{Rizwana Rehman}},
  title =        {Numerical Computation of the Characteristic Polynomial of a
                  Complex Matrix},
  school =       {North Carolina State University},
  year =         2010,
  howpublished = {\url{http://www.lib.ncsu.edu/resolver/1840.16/6262}}
}

@Article{RenforsSaramaki_RecursiveNthBandDigitalFiltersPart1,
  author =       {{M. Renfors and T. Saram\"{a}ki}},
  title =        {{Recursive Nth-Band Digital Filters-Part I:Design and
                  Properties}},
  journal =      IEEE_TRANS_CAS,
  year =         1987,
  volume =       34,
  number =       1,
  pages =        {24--39},
  month =        {January},
}

@Article{RenforsSaramaki_RecursiveNthBandDigitalFiltersPart2,
  author =       {{M. Renfors and T. Saram\"{a}ki}},
  title =        {{Recursive Nth-Band Digital Filters-Part II:Design of
                  Multistage Decimators and Interpolators}},
  journal =      IEEE_TRANS_CAS,
  year =         1987,
  volume =       34,
  number =       1,
  pages =        {40--51},
  month =        {January},
}

@Article{Riblet_EquiRippleFunctionsTransmissionLine,
  author =       {{H. Riblet}},
  title =        {{The Application of a New Class of Equal-Ripple Functions to Some Familiar Transmission-Line Problems}},
  journal =      IEEE_TRANS_MTT,
  year =         1964,
  volume =       12,
  pages =        {415--421},
  month =        {July},
}

@Article{Richards_DeczkyRecursiveDecimator,
  author =       {{M. A. Richards}},
  title =        {{Application of Deczky's Program for Recursive Filter Design
                  to the Design of Recursive Decimators}},
  journal =      IEEE_TRANS_ASSP,
  year =         1982,
  volume =       30,
  number =       5,
  pages =        {811--814},
  month =        {October},
}

@Book{RobertsMullis_DigitalSignalProcessing,
  author =       {{R. A. Roberts and C. T. Mullis}},
  title =        {Digital Signal Processing},
  publisher =    {Addison Wesley},
  year =         1987,
  note =         {{ISBN 0-201-16350-0}}
}

@Book{Ruszczynski_NonlinearOptimization,
  author =       {{A. P. Ruszczynzki}},
  title =        {Nonlinear Optimization},
  publisher =    {Princeton University Press},
  year =         2006,
  note =         {{ISBN 0-691-11915-5}}
}

@Misc{Rutter_LinpackBenchmark,
  author =       {{M. J. Rutter}},
  title =        {{Linpack benchmark in Octave/Matlab}},
  year =         2015,
  month =        {November},
  howpublished = {\url{http://www.tcm.phy.cam.ac.uk/~mjr/linpack/linpack.m}}
}

@Misc{SUITESPARSE_website,
  key =          {SuiteSparse},
  author =       {{T. A. Davis et al.}},
  title =        {{SuiteSparse: a suite of sparse matrix packages }},
  howpublished = {\url{http://faculty.cse.tamu.edu/davis/suitesparse.html}}
}

@Article{Saramaki_DigitalFiltersSumAllPassFilters,
  author =       {{T. Saram\"{a}ki}},
  title =        {{On the Design of Digital Filters as a Sum of Two All-Pass
                  Filters}},
  journal =      IEEE_TRANS_CAS,
  year =         1985,
  volume =       32,
  number =       11,
  pages =        {1191--1193},
  month =        {November},
}

@Article{Saramaki_FIRFiltersTappedCascadeIdenticalSubFilters,
  author =       {{T. Saram\"{a}ki}},
  title =        {{Design of FIR Filters as a Tapped Cascaded Interconnection of Identical Subfilters}},
  journal =      IEEE_TRANS_CAS,
  year =         1987,
  volume =       34,
  number =       9,
  pages =        {1011--1029},
  month =        {September},
}

@Article{Saramaki_OptimumRecursiveFilterZerosUnitCircle,
  author =       {{T. Saram\"{a}ki}},
  title =        {{Design of Optimum Recursive Digital Filters with Zeros on the
                  Unit Circle}},
  journal =      IEEE_TRANS_ASSP,
  year =         1983,
  volume =       31,
  number =       2,
  pages =        {450--458},
  month =        {April},
}

@Article{SaramakiLimYang_SynthesisHalfBandFRM,
  author =       {{T. Saram\"{a}ki, Y.C. Lim and R. Yang}},
  title =        {{The synthesis of half-band filter using frequency-response
                  masking technique}},
  journal =      IEEE_TRANS_CAS2,
  year =         1995,
  volume =       42,
  number =       1,
  pages =        {58--60},
  month =        {January},
}

@Misc{SeDuMi_BugReport,
  author =       {GitHub},
  title =        {{SeDuMi results are not apparently deterministic?}},
  howpublished = {\url{https://github.com/sqlp/sedumi/issues/15}}
}

@Book{Sedgewick_AlgorithmsInCPlusPlus,
  author =       {{R. Sedgwick}},
  title =        {{Algorithms in C++}},
  publisher =    {{Addison-Wesley}},
  year =         1990,
  note =         {{ISBN 0-201-51059-6}}
}

@Article{Selesnick_MaximallyFlatLowPassDigitalDifferentiators,
  author =       {{I. W. Selesnick}},
  title =        {{Maximally Flat Low-Pass Digital Differentiators}},
  journal =      IEEE_TRANS_CAS2,
  year =         2002,
  volume =       49,
  number =       3,
  pages =        {219--223},
  month =        {March},
}

@Article{SelesnickLangBurrus_ConstrainedLeastSquareFIRFilters,
  author =       {{I. W. Selesnick, M. Lang and C. S. Burrus}},
  title =        {{Constrained Least Square Design of FIR Filters without
                  Specified Transition Bands}},
  journal =      IEEE_TRANS_SP,
  year =         1996,
  volume =       44,
  number =       8,
  pages =        {1879--1892},
  month =        {August},
}

@Article{SelesnickLangBurrus_ConstrainedLeastSquareMultiBandFIRFilters,
  author =       {{I. W. Selesnick, M. Lang and C. S. Burrus}},
  title =        {{A Modified Algorithm for Constrained Least Square Design of
                  Multiband FIR Filters without Specified Transition Bands}},
  journal =      IEEE_TRANS_SP,
  year =         1998,
  volume =       46,
  number =       2,
  pages =        {497--501},
  month =        {February},
}

@Article{SelesnickBurrus_ExchangeAlgorithmsParksMcClellanAlgorithm,
  author =       {{I. W. Selesnick and C. S. Burrus}},
  title =        {{Exchange Algorithms that Complement the Parks-McClellan Algorithm for Linear-Phase FIR Filter Design}},
  journal =      IEEE_TRANS_CAS2,
  year =         1997,
  volume =       44,
  number =       2,
  pages =        {137--143},
  month =        {February},
}

@Article{SelesnickBurrus_ExchangeAlgorithmsLinearPhaseFIRFilters,
  author =       {{I. W. Selesnick and C. S. Burrus}},
  title =        {{Exchange Algorithms for the Design of Linear Phase FIR Filters and Differentiators Having Flat Monotonic Passbands and Equiripple Stopbands}},
  journal =      IEEE_TRANS_CAS2,
  year =         1996,
  volume =       43,
  number =       9,
  pages =        {671--675},
  month =        {September},
}

@Misc{Selesnick_cl2lp,
  author =       {I. W. Selesnick},
  title =        {{A collection of scripts for constrained-least-squares FIR
                  filter design}},
  howpublished = {\url{http://dsp.rice.edu/software}, {Under "FIR and IIR Filter Design Algorithms", Constrained Least Square FIR Filter Design (ConstrainedLeastSquaresAllprogs.tar.zip on Wayback Machine)}},
}

@Misc{Selesnick_faffine,
  author =       {I. W. Selesnick},
  title =        {{Exchange Algorithms Complementing the Parks-McClellan Algorithm}},
  howpublished = {\url{http://dsp.rice.edu/software}, {Under "FIR and IIR Filter Design Algorithms", Exchange Algorithms Complementing the Parks-McClellan Algorithm (ParkMcClellansAllPrograms.tar.zip on Wayback Machine)}},
}

@Misc{Selesnick_chebdiff,
  author =       {I. W. Selesnick},
  title =        {{Symmetric FIR Filters - Flat Passbands, Chebyshev Stopbands}},
  howpublished = {\url{http://dsp.rice.edu/software}, {Under "FIR and IIR Filter Design Algorithms", Symmetric FIR Filters - Flat Passbands, Chebyshev Stopbands (fircheb.tar.zip on Wayback Machine)}},
}

@Article{Shiung_ImprovingFIRFiltersCascadeTechniques,
  author =       {D. Shiung, Y.-Y. Yang, C.-S. Yang},
  title =        {Improving FIR Filters by Using Cascade Techniques},
  journal =      IEEE_SP_MAG,
  year =         {2016},
  pages =        {108--114},
  month =        {May},
}

@Article{Singh_NewProofDiscreteTimeBoundedRealLemma,
  author =       {{V. Singh}},
  title =        {{A New Proof of the Discrete-Time Bounded-Real Lemma and Lossless Bounded-Real Lemma}},
  journal =      IEEE_TRANS_CAS,
  year =         1987,
  volume =       34,
  number =       8,
  pages =        {960--962},
  month =        {August},
}

@Misc{Slicot_ControlSystemsLibrary,
  title =        {{The Control and Systems Library SLICOT}},
  author =       {NICONET e.V.},
  howpublished = {\url{http://www.slicot.org}}
}

@Article{Smith_DecompositionFIRCascadeSubFilters,
  title =        {{Decomposition of FIR Digital Filters for Realization Via the Cascade Connection of Subfilters}},
  author =       {{L. M. Smith}},
  journal =      IEEE_TRANS_SP,
  volume =       46,
  number =       6,
  month =        {June},
  year =         1998,
  pages =        {1681--1684},
}

@Article{SmithHenderson_RoundoffNoiseCascadeFIRFilters,
  title =        {{Roundoff Noise Reduction in Cascade Realizations of FIR Digital Filters}},
  author =       {{L. M. Smith and M. E. Henderson Jr}},
  journal =      IEEE_TRANS_SP,
  volume =       48,
  number =       4,
  month =        {April},
  year =         2000,
  pages =        {1196--1200},
}

@Article{SpangShultheiss_ReductionOfQuantizingNoiseByFeedback,
  author =       {{H. A. Spang III and P. M. Shultheis}},
  title =        {{Reduction of quantizing noise by use of feedback}},
  journal =      IRE_TRANS_COM,
  year =         1962,
  volume =       10,
  pages =        {373--380},
  month =        {December},
}

@Misc{SparsePOP,
  author =       {{Hayato Waki, Sunyoung Kim, Masakazu Kojima, Masakazu
                  Muramatsu, Hiroshi Sugimoto and Makoto Yamashita}},
  title =        {{SparsePOP (Sparse SDP Relaxation of Polynomial Optimization
                  Problems)}},
  howpublished = {\url{http://sparsepop.sourceforge.net}}
}

@Misc{Stein_SAGE,
  title =        {{SAGE}},
  author =       {{W. Stein}},
  howpublished = {\url{http://sagemath.org}}
}

@Misc{StornPrice_DifferentialEvolution,
  author =       {{R. Storn and K. Price}},
  title =        {{Differential Evolution - A simple and efficient adaptive
                  scheme for global optimization over continuous spaces}},
  howpublished = {\url{http://www1.icsi.berkeley.edu/~storn/TR-95-012.pdf}}
}

@InProceedings{Stoyanov_RealizationEfficientIIRFilterSensitivityMinimizations,
  author =       {{G.Stoyanov, Zl. Nikolova, K. Ivanova, V. Anzova}},
  title =        {{Design and Realization of Efficient IIR Digital Filter
                  Structures Based on Sensitivity Minimizations}},
  booktitle =    {TELSIKS 2007},
  year =         2007,
  pages =        {299--308},
  month =        {September},
}

@Misc{Sturm_SeDuMi_1_3,
  author =       {J. Sturm},
  title =        {{SeDuMi\_1\_3 at LeHigh University}},
  howpublished = {\url{http://sedumi.ie.lehigh.edu/sedumi}}
}

@Misc{Sturm_SeDuMi_GitHub,
  author =       {J. Sturm},
  title =        {{SeDuMi\_1\_3 at GitHub}},
  howpublished = {\url{https://github.com/sqlp/sedumi}}
}

@TechReport{Sturm_SimilarityAndOtherSpectralRelations,
  author =       {{J. Sturm}},
  title =        {{Similarity and other spectral relations for symmetric cones}},
  institution =  {̧Communications Research Laboratory, McMaster University},
  year =         1998,
  month =        {August},
}

@Article{SullivanAdams_PCLS_IIRDigitalFilters,
  author =       {{J. L. Sullivan and J. W. Adams}},
  title =        {{PCLS IIR Digital Filters with Simultaneous Frequency Response
                  Magnitude and Group Delay Specifications}},
  journal =      IEEE_TRANS_SP,
  year =         1998,
  volume =       46,
  number =       11,
  pages =        {2853--2861},
  month =        {November},
}

@Article{SurmaahoSaramaki_ApproximatelyLinearPhaseRecursiveDigitalFilters,
  author =       {{K. Surma-aho and T. Saram\"{a}ki}},
  title =        {{A Systematic Technique fo Designing Approximately Linear
                  Phase Recursive Digital Filters}},
  journal =      IEEE_TRANS_CAS2,
  year =         1999,
  volume =       46,
  number =       7,
  pages =        {956--963},
  month =        {July},
}

@Article{SzczupakMitraFardavi_ComputerBasedSynthesisAllpassNetworks,
  author =       {{J, Szczupak, S. K. Mitra and J. Fadavi-Ardekani}},
  title =        {{A Computer-Based Synthesis Method of Structurally LBR Digital
                  AllPass Networks}},
  journal =      IEEE_TRANS_CAS,
  volume =       35,
  number =       6,
  pages =        {755--760},
  month =        {June},
  year =         1988
}

@Article{TarczynskiCainHermanowiczRojewski_WISEMethodDesignIIRFilters,
  author =       {{A. Tarczynski, G. Cain, E. Hermanowicz and M. Rojewski}},
  title =        {{A WISE Method for Designing IIR Filters}},
  journal =      IEEE_TRANS_SP,
  year =         2001,
  volume =       49,
  number =       7,
  pages =        {1421--1432},
  month =        {July}
}

@Article{Theile_SensitivityLinearStateSpaceSystems,
  author =       {{L. Theile}},
  title =        {{On the Sensitivity of Linear State-Space Systems}},
  journal =      IEEE_TRANS_CAS,
  year =         1986,
  volume =       33,
  number =       5,
  pages =        {502--510},
  month =        {May}
}

@Article{ThongLui_ErrorSpectrumShapingNarrowbandRecursiveFilters,
  author =       {{T. Thong and B. Liu}},
  title =        {Error spectrum shaping in narrowband recursive digital
                  filters},
  journal =      IEEE_TRANS_ASSP,
  year =         1977,
  volume =       25,
  number =       2,
  pages =        {200--203},
  month =        {April},
}

@Misc{TohTutuncuTodd_SDPT3,
  author =       {{K. C. Toh, R. H. T\"{u}t\"{u}nc\"{u}, and M. J. Todd}},
  title =        {{SDPT3 - a MATLAB software package for
                  semidefinite-quadratic-linear programming}},
  howpublished = {\url{http://www.math.cmu.edu/\~reha/sdpt3.html}}
}

@article{Toh_NoteOnStepLengthsSemidefiniteProgramming,
  author =       {{Kim-Chuan Toh}},
  year =         2002,
  journal =      {Computational Optimization and Applications},
  volume =       21,
  number =       3,
  title =        {A Note on the Calculation of Step-Lengths in Interior-Point
                  Methods for Semidefinite Programming},
  pages =        {301-310}
}

@Article{TraferroCapparelli_EfficientAllocationPowerOfTwoTermsTabuSearch,
  author =       {{S. Traferro, F. Capparelli, F. Piazza and A. Uncini}},
  title =        {Efficient allocation of power-of-two terms in FIR digital
                  filter design using Tabu search},
  journal =      IEEE_ISCAS,
  year =         1999,
  month =        {July},
  volume =       3,
  pages =        {411-414},
}

@Article{TuqanVaidyanathan_StateSpaceFIREnergyCompaction,
  author =       {{J. Tuqan and P. P. Vaidyanathan}},
  title =        {{A State Space Approach to the Design of Globally Optimal FIR Energy Compaction Filters}},
  journal =      IEEE_TRANS_SP,
  year =         2000,
  volume =       48,
  number =       10,
  pages =        {2822--2838},
  month =        {October},
}

@Article{VaidyanathanMitraNuevo_LowSensitivityIIRDigitalFilters,
  author =       {{P. P. Vaidyanathan, S. K. Mitra and Y. Nuevo}},
  title =        {{A New Approach to the Realization of Low-Sensitivity IIR
                  Digital Filters}},
  journal =      IEEE_TRANS_ASSP,
  year =         1986,
  volume =       34,
  number =       2,
  pages =        {350--361},
  month =        {April},
}

@Article{VaidyanathanMitra_LowPassbandSensitivityDigitalFilters,
  author =       {{P. P. Vaidyanathan and S. K. Mitra}},
  title =        {{Low Passband Sensitivity Digital Filters: A Generalized
                  Viewpoint and Synthesis Procedures}},
  journal =      IEEE_PROC,
  year =         1984,
  volume =       72,
  number =       4,
  pages =        {404--423},
  month =        {April},
}

@Article{VaidyanathanMitra_UnifiedStructuralInterpretationStability,
  author =       {{P. P. Vaidyanathan and S. K. Mitra}},
  title =        {{A Unified Structural Interpretation of Some Well-Known
                  Stability-Test Procedures for Linear Systems}},
  journal =      IEEE_PROC,
  year =         1987,
  volume =       75,
  number =       4,
  pages =        {478--497},
  month =        {April},
}

@Article{Vaidyanathan_DiscreteBoundedRealLemmaDigitalFiltering,
  author =       {{P. P. Vaidyanathan}},
  title =        {{The Discrete-Time Bounded-Real Lemma in Digital Filtering}},
  journal =      IEEE_TRANS_CAS,
  year =         1985,
  volume =       32,
  number =       9,
  pages =        {918--924},
  month =        {September},
}

@Article{Vaidyanathan_PassiveCascadedLatticeFIR,
  author =       {{P. P. Vaidyanathan}},
  title =        {{Passive Cascaded-Lattice Structures for Low-Sensitivity FIR
                  Filter Design, with Applications to Filter Banks}},
  journal =      IEEE_TRANS_CAS,
  year =         1986,
  volume =       33,
  number =       11,
  pages =        {1045--1064},
  month =        {November},
}

@Misc{VandenbergheBalakrishnan_InteriorPointKYPlemma,
  author =       {L. Vandenberghe, V. Balakrishnan, R. Wallin, A. Hansson and T. Roh},
  title =        {{Interior-point algorithms for semidefinite programming problems derived from the KYP lemma}},
  howpublished = {\url{https://engineering.purdue.edu/~ragu/book-chapters/VBWAR04.pdf}},
}

@InProceedings{VandenbergheBalakrishnan_ImplementationInteriorPointKYPlemma,
  author =       {L. Vandenberghe, V. Balakrishnan, R. Wallin and A. Hansson},
  title =        {{On the implementation of primal-dual interior-point methods for semidefinite programming problems derived from the KYP lemma}},
  booktitle =    {{Proceedings of the 42nd IEEE Conference on Decision and Control}},
  year =         2003,
  month =        {December},
  pages =        {4658--4663},
}

@Article{Vaidyanathan_TRICK_HalfBand_FIR,
  author =       {{P. P. Vaidyanathan and Truong Q. Nguyen}},
  title =        {{A “TRICK” for the Design of FIR Half-Band Filters}},
  journal =      IEEE_TRANS_CAS,
  year =         1987,
  volume =       34,
  number =       3,
  pages =        {297--300},
  month =        {March},
}

@Article{Vaidyanathan_DesignFIRFlatPassbandEquirippleStopband,
  author =       {{P. P. Vaidyanathan}},
  title =        {{Optimal Design of Linear-Phase FIR Digital Filters with Very Flat Passbands and Equiripple Stopbands}},
  journal =      IEEE_TRANS_CAS,
  year =         1985,
  volume =       32,
  number =       9,
  pages =        {904--917},
  month =        {September},
}

@Article{Vlcek_AnalyticalSolutionsIIRFilter,
  author =       {{M. Vl\v{c}ek and R. Unbehauen}},
  title =        {{Analytical Solutions for Design of IIR Equiripple Filters}},
  journal =      IEEE_TRANS_ASSP,
  year =         1989,
  volume =       37,
  number =       10,
  pages =        {1518--1531},
  month =        {October},
}

@Article{Vlcek_ZolotarevOptimalFIR,
  author =       {{M. Vl\v{c}ek and R. Unbehauen}},
  title =        {{Zolotarev Polynomials and Optimal FIR Filters}},
  journal =      IEEE_TRANS_SP,
  year =         1999,
  volume =       47,
  number =       3,
  pages =        {717--730},
  month =        {March},
}

@Article{Vlcek_ZolotarevOptimalFIRcorrections,
  author =       {{M. Vl\v{c}ek and R. Unbehauen}},
  title =        {{Corrections to "Zolotarev Polynomials and Optimal FIR Filters"}},
  journal =      IEEE_TRANS_SP,
  year =         2000,
  volume =       48,
  number =       7,
  pages =        {2171},
  month =        {July},
}

@InProceedings{VlcekZahradnik_AlmostEquirippleApproxLowPassFIR,
  author =       {{M.Vl\v{c}ek and P. Zahradn\'{i}k}},
  title =        {{Approximation of Almost Equiripple Low-pass FIR Filters}},
  booktitle =    {{2013 European Conference on Circuit Theory and Design}},
  year =         2013,
  month =        {September},
  note =         {{DOI: 10.1109/ECCTD.2013.6662301}},
}

@Article{VlcekZahradnik_AlmostEquirippleLowPassFIR,
  author =       {{M.Vl\v{c}ek and P. Zahradn\'{i}k}},
  title =        {{Almost Equiripple Low-pass FIR Filters}},
  journal =      {{Circuits Syst Signal Processing}},
  year =         2013,
  volume =       32,
  pages =        {743--757},
  note =         {{DOI 10.1007/s00034-012-9484-0}},
}

@Article{Volder_CordicTrigonometricComputingTechnique,
  author =       {{J. E. Volder}},
  title =        {{The CORDIC trigonometric computing technique}},
  journal =      {{IRE Transactions on Electronic Computers}},
  year =         1959,
  volume =       EC-8,
  number =       3,
  pages =        {330--334},
  month =        {September},
}

@Article{Wachspress_EvaluationEllipticFunctions,
  author =       {E. L. Wachspress},
  title =        {{Evaluating Elliptic Functions and Their Inverses}},
  journal =      {{Computers and Mathematics with Applications}},
  volume =       39,
  pages =        {131--136},
  year =         2000,
}

@Article{Waki_SumsSquaresSDPRelaxationsPolynomialOptSparsity,
  author =       {Hayato Waki, Sunyoung Kim, Masakazu Kojima and Masakazu
                  Muramatsu},
  title =        {{Sums of Squares and Semidefinite Program Relaxations for
                  Polynomial Optimization Problems with Structured Sparsity}},
  journal =      SIAM_JOPT,
  volume =       17,
  number =       1,
  pages =        {218--242},
  year =         2006,
}

@Misc{WallinHanssonVandenberge_SemiDefiniteKYPlemmaStandardSolvers,
  author =       {R. Wallin, A. Hansson and L. Vandenberghe},
  title =        {{Efficiently solving semidefinite programs originating from the KYP lemma using standard pimal-dual solvers}},
  howpublished = {\url{http://www.control.isy.liu.se/research/reports/2003/2503.pdf}},
}

@InProceedings{Walther_UnifiedAlgorithmForElementaryFunctions,
  author =       {{J. S. Walther}},
  title =        {A unifed algorithm for elementary functions},
  year =         1971,
  volume =       38,
  pages =        {379-385},
  organization = {AFIPS Spring Joint Computer Conference},
}

@Book{WhittakerWatson_CourseModernAnalysis,
  editor =       {{E. T. Whittaker and G. N. Watson}},
  title =        {{A Course of Modern Analysis}},
  year =         1927,
  edition =      {4th},
  publisher =    {Cambridge University Press},
  note =         {{ISBN 978-0-521-58807-2}}
}

@Book{Wilkinson_AlgebraicEigenvalueProblem,
  editor =       {{J. H. Wilkinson}},
  title =        {The Algebraic Eigenvalue Problem},
  year =         1988,
  publisher =    {Oxford University Press, Inc.},
  note =         {{ISBN 0-198-53418-3}}
}

@InBook{Wilkinson_PerfidiousPolynomial,
  author =       {{J. H. Wilkinson}},
  title =        {Studies in Numerical Analysis, Ed. G.H.Golub},
  chapter =      {The perfidious polynomial},
  publisher =    {Mathematical Association of America},
  year =         1984,
  volume =       24,
  series =       {Studies in Mathematics},
  pages =        {1--28},
}

@Article{Williamson_RoundoffNoiseMinimizationUsingResidueFeedback,
  author =       {{D. Williamson}},
  title =        {{Roundoff Noise Minimization and Pole-Zero Sensitivity in
                  Fixed-point Digital Filters Using Residue Feedback}},
  journal =      IEEE_TRANS_ASSP,
  year =         1986,
  volume =       34,
  number =       5,
  pages =        {1210--1220},
  month =        {October},
}

@Article{Wright_ConstraintIdentificationDegenerateNonlinearPrograms,
  author =       {{S. J. Wright}},
  title =        {{Constraint identification and algorithm stabilization for
                  degenerate nonlinear programs}},
  journal =      {{Math.Program., Ser.B}},
  year =         2003,
  volume =       95,
  pages =        {137--160},
}

@Article{Wright_SuperLinearConvergenceSQPDegenerateSolution,
  author =       {{S. J. Wright}},
  title =        {{Superlinear Convergence of a Stabilized SQP Method to a
                  Degenerate Solution}},
  journal =      {{Computational Optimization and Applications}},
  year =         1998,
  volume =       11,
  pages =        {253--275},
}

@InProceedings{WuBoydVandenberghe_FIRFilterDesignSDP,
  author =       {{S.-P. Wu, S. Boyd, and L. Vandenberghe}},
  title =        {{FIR Filter Design via Semidefinite Programming and Spectral
                  Factorization}},
  booktitle =    {IEEE Conference on Decision and Control},
  month =        {December},
  year =         1996,
  volume =       1,
  pages =        {271--276},
}

@Article{XiaoHill_NewProofBoundedRealLemma,
  author =       {{Chengshan Xiao and David J. Hill}},
  title =        {{Generalizations and New Proof of the Discrete-Time Positive Real Lemma and Bounded Real Lemma}},
  journal =      IEEE_TRANS_CAS1,
  year =         1999,
  volume =       46,
  number =       6,
  pages =        {740--743},
  month =        {June},
}

@Misc{YinyuYe_solnp,
  author =       {{Yinyu Ye}},
  title =        {{solnp - a Nonlinear Optimization Program in MATLAB}},
  howpublished = {\url{http://www.stanford.edu/~yyye/matlab/}},
  year =         1989,
}

@Article{Zahradnik_EquirippleApproxLowPassFIR,
  author =       {{P. Zahradn\'{i}k}},
  title =        {{Equiripple Approximation of Low-Pass FIR Filters}},
  journal =      IEEE_TRANS_CAS_Express,
  year =         2018,
  month =        {April},
  volume =       65,
  number =       4, 
  pages =        {526--530},
} 

@Article{Zahradnik_AlmostEquirippleApproxHalfBandFIR,
  author =       {{P. Zahradn\'{i}k, M.Vl\v{c}ek and R. Unbehauen}},
  title =        {{Almost Equiripple FIR Half-Band Filters}},
  journal =      IEEE_TRANS_CAS1,
  year =         1999,
  month =        {June},
  volume =       46,
  number =       6, 
  pages =        {744--748},
}

@Article{Zahradnik_EquirippleApproxHalfBandFIR,
  author =       {{P. Zahradn\'{i}k and M. Vl\v{c}ek}},
  title =        {{Equiripple Approximation of Half-Band FIR Filters}},
  journal =      IEEE_TRANS_CAS_Express,
  year =         2009,
  month =        {December},
  volume =       56,
  number =       12, 
  pages =        {941--945},
}

@Article{ZahradnikSusta_CascadeNarrowEquirippleFIR,
  author =       {{P. Zahradn\'{i}k, M. \v{S}usta, B. \v{S}imak and M. Vl\v{c}ek}},
  title =        {{Cascade Structure of Narrow Equiripple Bandpass FIR Filters}},
  journal =      IEEE_TRANS_CAS_Express,
  year =         2017,
  month =        {April},
  volume =       64,
  number =       4, 
  pages =        {407--411},
}

@Article{ZahradnikSusta_DegreeEquirippleBandpassFIR,
  author =       {{P. Zahradn\'{i}k, M. \v{S}usta, and B. \v{S}imak}},
  title =        {{Degree of Equiripple Narrow Bandpass FIR Filter}},
  journal =      IEEE_TRANS_CAS_Express,
  year =         2015,
  month =        {August},
  volume =       62,
  number =       8,
  pages =        {771--775},
}

@Article{Zhong_InversesOfHessenbergMatrices,
  author =       {{Xu Zhong}},
  title =        {{On Inverses and Generalized Inverses of Hessenberg Matrices}},
  journal =      {{Linear Algebra and its Applications}},
  year =         1988,
  volume =       101,
  pages =        {167--180},
}
