@String{IEEE_TRANS_ASSP = {IEEE Transactions on Acoustics, Speech and Signal Processing}}
@String{IEEE_TRANS_AU = {IEEE Transactions on Audio and Electroacoustics}}
@String{IEEE_TRANS_CT = {IEEE Transactions on Circuit Theory}}
@String{IEEE_TRANS_CAS = {IEEE Transactions on Circuits and Systems}}
@String{IEEE_TRANS_CAS1 = {IEEE Transactions on Circuits and Systems-I:Fundamental Theory and Applications}}
@String{IEEE_TRANS_CAS2 = {IEEE Transactions on Circuits and Systems-II:Analog and Digital Signal Processing}}
@String{IEEE_TRANS_CONTROL = {IEEE Transactions on Automatic Control}}
@String{IEEE_TRANS_SP = {IEEE Transactions on Signal Processing}}
@String{IEEE_PROC = {Proceedings of the IEEE}}
@String{IEEE_SP_MAG = {IEEE Signal Processing Magazine}}
@String{IEEE_CAS_MAG = {IEEE Circuits and Systems Magazine}}

@Article{AlizadehGoldfarb_SecondOrderCone,
  author =       {{F. Alizadeh and D. Goldfarb}},
  title =        {{Second-Order Cone Programming}},
  journal =      {Mathematical Programming},
  year =         2001,
  volume =       95,
  pages =        {3-51}
}

@InProceedings{ChungParhi_PipelinedLatticeIIRFiltersAsilomar,
  author =       {{J. G. Chung and K. K. Parhi}},
  title =        {{Design of Pipelined Lattice IIR Digital Filters}},
  booktitle =    {{Proceedings of the Twenty-Fifth Asilomar Conference on Signals, Systems and Computers}},
  year =         {1991},
  month =        {November},
}

@Article{ChungParhi_PipeliningLatticeIIRFilters,
  author =       {{J. G. Chung and K. K. Parhi}},
  title =        {{Pipelining of Lattice IIR Digital Filters}},
  journal =      IEEE_TRANS_SP,
  year =         1994,
  month =        {April},
  volume =       42,
  number =       4, 
  pages =        {751-762}
}

@Article{Davidson_LMISpectralConstraints,
  author =       {{T. N. Davidson, Z.-Q. Luo and J. F. Sturm}},
  title =        {{Linear Matrix Inequality Formulation of Spectral Mask Constraints With Applications to FIR Filter Design}},
  journal =      IEEE_TRANS_SP,
  year =         2002,
  volume =       50,
  number =       11,
  pages =        {2702-2715},
  month =        {November},
}

@Article{Deczky_MinPSynthesisIIRDigitalFilters,
  author =       {{A. G. Deczky}},
  title =        {{Synthesis of recursive digital filters using the minimum
                  p-error criterion}},
  journal =      IEEE_TRANS_AU,
  year =         1972,
  volume =       20,
  pages =        {257-263},
  month =        {October},
}

@Article{Dewilde_PowerOrthogonalFiltering,
  author =       {{P. Dewilde}},
  title =        {{The Power of Orthogonal Filtering}},
  journal =      IEEE_CAS_MAG,
  year =         2018,
  month =        {{Fourth Quarter}},
  pages =        {70-81},
}

@Article{Duffin_ReversedGeometricPrograms,
author = {{R. J. Duffin and Elmor L. Peterson}},
title = {{Reversed Geometric Programs Treated by Harmonic Means}},
journal = {{Indiana University Mathematics Journal}},
volume = 22,
number = 6,
year = 1972,
pages = {531-550},
}

@Article{Fettweis_WaveDigitalFiltersTheoryPractice,
  author =       {{A. Fettweis}},
  title =        {{Wave Digital Filters: Theory and Practice}},
  journal =      IEEE_PROC,
  year =         1986,
  volume =       74,
  number =       2,
  pages =        {270-329},
  month =        {February},
}

@Article{GrayMarkel_DigitalLatticeAndLadderFilterSynthesis,
  author =       {{A. H. Gray and J. D. Markel}},
  title =        {{Digital Lattice And Ladder Filter Synthesis}},
  journal =      IEEE_TRANS_AU,
  year =         1973,
  volume =       21,
  number =       6,
  pages =        {491-500},
  month =        {December},
}

@Misc{Hofstetter_DesignNonRecursiveDigitalFilters,
  author =       {{E. M. Hofstetter}},
  title =        {{A New Technique for the Design of Non-Recursive Digital Filters}},
  note =         {{Massachusetts Institute of Technology, Lincoln Laboratory, Technical Note 1970-42}},
  year =         {1970},
  month =        {December},
}

@Book{Hwang_ComputerArithmetic,
  author =       {{Kai Hwang}},
  title =        {{Computer Arithmetic : Principles, Architecture and Design}},
  publisher =    {{John Wiley and Sons}},
  year =         1979,
  note =         {ISBN 0-471-03496-7}
}

@Misc{Ito_PowersOfTwoAllocationFIR,
  author =       {{Rika Ito, Tetsuya Fujie, Kenji Suyama and Ryuichi
                  Hirabayashi}},
  title =        {{A powers-of-two term allocation algorithm for designing FIR
                  filters with CSD coefficients in a min-max sense}},
  howpublished =
                  {\url{http://www.eurasip.org/Proceedings/Eusipco/Eusipco2004/defevent/papers/cr1722.pdf}}
}

@Article{Iwasaki_GeneralizedKYPFrequencyDomainInequalities,
  author =       {{T. Iwasaki and S. Hara}},
  title =        {{Generalised KYP Lemma: Unified Frequency Domain Inequalities With Design Applications}},
  journal =      IEEE_TRANS_CONTROL,
  year =         2005,
  volume =       50,
  number =       1,
  pages =        {41-59},
  month =        {January},
}

@Article{JiangKwan_IIRDesignStabilityArgumentPrinciple,
  author =       {{Aimin Jiang and Hon Keung Kwan}},
  title =        {{IIR Digital Filter Design With New Stability
Constraint Based on Argument Principle}},
  journal =      IEEE_TRANS_CAS1,
  year =         2009,
  volume =       56,
  number =       3,
  pages =        {583-593},
  month =        {March},
}

@InProceedings{Johansson_HighSpeedRecursiveDigitalFilters,
  author =       {{H. Johansson}},
  title =        {{On High-Speed Recursive Digital Filters}},
  booktitle =    {{Proceedings of EUSIPCO2000}},
  howpublished = {\url{https://www.eurasip.org/Proceedings/Eusipco/Eusipco2000/SESSIONS/THUPM/SS3/CR1390.PDF}}
}

@Article{KimuraOsada_CanonicalPipeliningLatticeFilters,
  author =       {{H. Kimura and T. Osada}},
  title =        {{Canonical Pipelining of Lattice Filters}},
  journal =      IEEE_TRANS_ASSP,
  year =         {{1987}},
  volume =       {{ASSP-35}},
  number =       {{6}},
  pages =        {{878-99}},
  month =        {{June}},
}

@Article{LandDoig_AutomaticMethodSolvingDiscreteProgrammingProblems,
  author =       {{A. H. Land and A. G. Doig}},
  title =        {{An Automatic Method Of Solving Discrete Programming
                  Problems}},
  journal =      {Econometrica},
  year =         1960,
  volume =       28,
  number =       3,
  pages =        {497-520},
  month =        {July}
}

@Article{Lang_LSDesignIIRDigitalFiltersPoleRadiusConstraint,
  author =       {{M. C. Lang}},
  title =        {{Least-Squares Design of IIR Filters with Prescribed Magnitude
                  and Phase Responses and a Pole Radius Constraint}},
  journal =      IEEE_TRANS_SP,
  year =         2000,
  volume =       48,
  number =       11,
  pages =        {3109-3121},
  month =        {November},
}

@Article{Lim_SignedPowerOfTwoAllocationDigitalFilters,
  author =       {{Y. C. Lim, R. Yang, D. Li and J. Song}},
  title =        {{Signed Power-of-Two Term Allocation Scheme for the Design of
                  Digital Filters}},
  journal =      IEEE_TRANS_CAS2,
  year =         1999,
  month =        {May},
  volume =       46,
  number =       5,
  pages =        {577-584},
}

@Misc{Lu_SedumiRemarks,
  author =       {{Wu-Sheng Lu}},
  title =        {{Use SeDuMi to Solve LP, SDP and SCOP Problems: Remarks and
                  Examples}},
  howpublished = {\url{http://www.ece.uvic.ca/~wslu/Talk/SeDuMi-Remarks.pdf}}
}

@Article{LuHinamoto_IIRRobustStabilityQuadraticProgramming,
  author =       {{W.-S. Lu and T. Hinamoto}},
  title =        {{Optimal Design of IIR Digital Filters With Robust Stability
                  Using Conic Quadratic-Programming Updates}},
  journal =      IEEE_TRANS_SP,
  volume =       51,
  number =       6,
  pages =        {1581-1592},
  year =         2003,
  month =        {June},
}

@Article{MarkelGray_AutocorrelationSpeechAnalysis,
  author =       {{John D. Markel and A. H. Gray Jr.}},
  title =        {{On Autocorrelation Equations as Applied to Speech Analysis}},
  journal =      IEEE_TRANS_AU,
  year =         {{1973}},
  volume =       {{AU-21}},
  number =       {{2}},
  pages =        {{69-79}},
  month =        {{April}},
}

@Article{MarkelGray_FixedPointOrthogonalFilter,
  author =       {{John D. Markel and A. H. Gray Jr.}},
  title =        {{Fixed-point Implementation Algorithms for a Class
of Orthogonal Polynomial Filter Structures}},
  journal =      IEEE_TRANS_ASSP,
  year =         {{1975}},
  volume =       {{ASSP-23}},
  number =       {{5}},
  pages =        {{466-494}},
  month =        {{October}},
}

@Article{McClellanParks_ComputerProgramFIRLinearPhaseFilters,
  author =       {{J. H. McClellan, T. W. Parks and L. R. Rabiner}},
  title =        {{A Computer Program for Designing Optimum FIR Linear Phase Digital Filters}},
  journal =      IEEE_TRANS_AU,
  year =         1973,
  month =        {December},
  volume =       21,
  number =       6, 
  pages =        {506-526},
}

@Article{Medlin_LagrangeMultiplierFIRMultirate,
  author =       {{G.W. Medlin, and J.W. Adams, and C.T. Leondes}},
  title =       {{Lagrange multiplier approach to the design of FIR filters for multirate applications}}, 
  journal =      IEEE_TRANS_CAS, 
  year =         {1988},
  volume =       {35},
  number =       {10},
  pages =        {1210-1219},
}

@Misc{Eaton_Octave,
  author =       {{John W. Eaton and the Octave project developers}},
  title =        {{GNU Octave} manual : a high-level interactive
                  language for numerical computations},
  year =         2025,
  howpublished = {\url{https://docs.octave.org/latest}}
}

@Misc{Octave_OptimPackage,
  author =       {{Octave}},
  title =        {{Non-linear optimization package}},
  howpublished = {\url{https://gnu-octave.github.io/packages/optim}}
}

@Misc{Octave_SignalPackage,
  author =       {{Octave}},
  title =        {{Signal processing package}},
  howpublished = {\url{https://gnu-octave.github.io/packages/signal}}
}

@Book{Parhi_VLSIDigitalSignalProcessingSystems,
  author =       {{Keshab K. Parhi}},
  title =        {{VLSI Digital Signal Processing Systems : Design and
                  Implementation}},
  publisher =    {Wiley Inter-Science},
  year =         1999,
  note =         {{ISBN 0-471-24186-5}}
}

@Article{ParksMcClellan_ChebyshevApproxNonRecursiveDigitalFilters,
  author =       {{T. W. Parks and J. H. McClellan}},
  title =        {{Chebyshev Approximation for Nonrecursive
Digital Filters with Linear Phase}},
  journal =      IEEE_TRANS_CT,
  year =         1972,
  month =        {March},
  volume =       19,
  number =       2, 
  pages =        {189-194},
}

@Book{ProakisManolakis_DigitalSignalProcessing3rdEdition,
  author =       {{John G. Proakis and Dimitris G. Manolakis}},
  title =        {{Digital Signal Processing}},
  publisher =    {{Prentice-Hall International Inc.}},
  edition =      {Third},
  year =         1996,
}

@Article{RaoKailath_OrthogonalDigitalFiltersVLSI,
  author =       {{S. K. Rao and T. Kailath}},
  title =        {{Orthogonal Digital Filters for VLSI Implementation}},
  journal =      IEEE_TRANS_CAS,
  volume =       31,
  number =       11,
  year =         1984,
  month =        {November},
  pages =        {933-945},
}

@Article{RegaliaMitraVaidyanathan_DigitalAllPassFilterVersatileSignalProcessing,
  author =       {{P. A. Regalia, S. K. Mitra and P. P. Vaidyanathan}},
  title =        {{The Digital All-Pass Filter: A Versatile Signal Processing
                  Building Block}},
  journal =      IEEE_PROC,
  year =         1988,
  volume =       76,
  number =       1,
  pages =        {19-37},
  month =        {January},
}

@Article{Richards_DeczkyRecursiveDecimator,
  author =       {{M. A. Richards}},
  title =        {{Application of Deczky's Program for Recursive Filter Design
                  to the Design of Recursive Decimators}},
  journal =      IEEE_TRANS_ASSP,
  year =         1982,
  volume =       30,
  number =       5,
  pages =        {811-814},
  month =        {October},
}

@Book{RobertsMullis_DigitalSignalProcessing,
  author =       {{R. A. Roberts and C. T. Mullis}},
  title =        {{Digital Signal Processing}},
  publisher =    {Addison Wesley},
  year =         1987,
  note =         {{ISBN 0-201-16350-0}}
}

@InCollection{SchurMethodsInOperatorTheory_Schur_I,
  author =       {{I. Schur}},
  title =        {{On power series which are bounded in the interior of the unit
                  circle, Part I}},
  booktitle =    {{I. Schur Methods in Operator Theory and Signal Processing}},
  publisher =    {{Springer Basel AG}},
  year =         1986,
  editor =       {{I. Gohberg}},
  volume =       18,
  series =       {{Operator Theory: Advances and Applications}},
  pages =        {31-59},
  note =         {{DOI 10.1007/978-3-0348-5483-2}},
}

@InCollection{SchurMethodsInOperatorTheory_Kailath,
  author =       {{T. Kailath}},
  title =        {{A theorem of I. Schur and its impact on modern signal processing}},
  booktitle =    {{I. Schur Methods in Operator Theory and Signal Processing}},
  publisher =    {{Springer Basel AG}},
  year =         1986,
  editor =       {{I. Gohberg}},
  volume =       18,
  series =       {{Operator Theory: Advances and Applications}},
  pages =        {9-30},
  note =         {{DOI 10.1007/978-3-0348-5483-2}},
}

@Book{Sedgewick_AlgorithmsInCPlusPlus,
  author =       {{R. Sedgwick}},
  title =        {{Algorithms in C++}},
  publisher =    {{Addison-Wesley}},
  year =         1990,
  note =         {{ISBN 0-201-51059-6}}
}

@Article{SelesnickBurrus_ExchangeAlgorithmsLinearPhaseFIRFilters,
  author =       {{I. W. Selesnick and C. S. Burrus}},
  title =        {{Exchange Algorithms for the Design of Linear Phase FIR Filters and Differentiators Having Flat Monotonic Passbands and Equiripple Stopbands}},
  journal =      IEEE_TRANS_CAS2,
  year =         1996,
  volume =       43,
  number =       9,
  pages =        {671-675},
  month =        {September},
}

@Article{SelesnickLangBurrus_ConstrainedLeastSquareFIRFilters,
  author =       {{I. W. Selesnick, M. Lang and C. S. Burrus}},
  title =        {{Constrained Least Square Design of FIR Filters without
                  Specified Transition Bands}},
  journal =      IEEE_TRANS_SP,
  year =         1996,
  volume =       44,
  number =       8,
  pages =        {1879-1892},
  month =        {August},
}

@Article{SelesnickLangBurrus_ConstrainedLeastSquareMultiBandFIRFilters,
  author =       {{I. W. Selesnick, M. Lang and C. S. Burrus}},
  title =        {{A Modified Algorithm for Constrained Least Square Design of
                  Multiband FIR Filters without Specified Transition Bands}},
  journal =      IEEE_TRANS_SP,
  year =         1998,
  volume =       46,
  number =       2,
  pages =        {497-501},
  month =        {February},
}

@Misc{Sturm_SeDuMi_GitHub,
  author =       {J. Sturm},
  title =        {{SeDuMi\_1\_3 at GitHub}},
  howpublished = {\url{https://github.com/sqlp/sedumi}}
}

@Article{TarczynskiCainHermanowiczRojewski_WISEMethodDesignIIRFilters,
  author =       {{A. Tarczynski, G. Cain, E. Hermanowicz and M. Rojewski}},
  title =        {{A WISE Method for Designing IIR Filters}},
  journal =      IEEE_TRANS_SP,
  year =         2001,
  volume =       49,
  number =       7,
  pages =        {1421-1432},
  month =        {July}
}

@Article{Theile_SensitivityLinearStateSpaceSystems,
  author =       {{L. Theile}},
  title =        {{On the Sensitivity of Linear State-Space Systems}},
  journal =      IEEE_TRANS_CAS,
  year =         1986,
  volume =       33,
  number =       5,
  pages =        {502-510},
  month =        {May}
}

@Article{VaidyanathanMitra_RobustFilterStructures,
  author =       {{P. P. Vaidyanathan and Sanjit K. Mitra}},
  title =        {{Robust Digital Filter Structures: A Direct Approach}},
  journal =      IEEE_CAS_MAG,
  year =         2019,
  pages =        {14-32},
  month =        {{January-March}},
  note =         {{DOI 10.1109/MCAS.2018.2889204}}
}

@Article{VaidyanathanMitraNuevo_LowSensitivityIIRDigitalFilters,
  author =       {{P. P. Vaidyanathan, S. K. Mitra and Y. Nuevo}},
  title =        {{A New Approach to the Realization of Low-Sensitivity IIR
                  Digital Filters}},
  journal =      IEEE_TRANS_ASSP,
  year =         1986,
  volume =       34,
  number =       2,
  pages =        {350-361},
  month =        {April},
}

@Article{VaidyanathanMitra_LowPassbandSensitivityDigitalFilters,
  author =       {{P. P. Vaidyanathan and S. K. Mitra}},
  title =        {{Low Passband Sensitivity Digital Filters: A Generalized
                  Viewpoint and Synthesis Procedures}},
  journal =      IEEE_PROC,
  year =         1984,
  volume =       72,
  number =       4,
  pages =        {404-423},
  month =        {April},
}

